@article{morphing_paper,
author = {Ferrara, Matteo and Cappelli, Raffaele and Maltoni, Davide},
year = {2016},
month = {12},
pages = {1-1},
title = {On the Feasibility of Creating Double-Identity Fingerprints},
volume = {PP},
journal = {IEEE Transactions on Information Forensics and Security},
doi = {10.1109/TIFS.2016.2639345}
}
@ARTICLE{syntetic_gen_paper,
  author={R. {Cappelli} and D. {Maio} and A. {Lumini} and D. {Maltoni}},
  journal={IEEE Transactions on Pattern Analysis and Machine Intelligence}, 
  title={Fingerprint Image Reconstruction from Standard Templates}, 
  year={2007},
  volume={29},
  number={9},
  pages={1489-1503},
  doi={10.1109/TPAMI.2007.1087}}
@inproceedings{thinning,
author = {Kasaei, Shohreh and Deriche, Mohamed and Boashash, Boualem},
year = {1998},
month = {01},
pages = {303 - 306 vol.1},
title = {Fingerprint feature extraction using block-direction on reconstructed images},
isbn = {0-7803-4365-4},
doi = {10.1109/TENCON.1997.647317}
}

@misc{01BioPrednaska,
author = {Martin Drahanský and Ondřej Kanich},
title = {01. Úvod do biometrických systémů},
howpublished = {\url{https://www.fit.vutbr.cz/study/courses/BIO/private/01_BIO_Prednaska_OK_2020.pdf}},
month = {},
year = {},
note = {(Accessed on 12/27/2020)}
}

@book{jain2011introduction,
    title={Introduction to biometrics},
    author={Jain, Anil K and Ross, Arun A and Nandakumar, Karthik},
    year={2011},
    publisher={Springer Science \& Business Media}
}

@book{shih2009image,
    title={Image processing and mathematical morphology: fundamentals and applications},
    author={Shih, Frank Y},
    year={2009},
    publisher={CRC press}
}

@ARTICLE{dil1,
    author={R. M. {Haralick} and S. R. {Sternberg} and X. {Zhuang}},
    journal={IEEE Transactions on Pattern Analysis and Machine Intelligence}, 
    title={Image Analysis Using Mathematical Morphology}, 
    year={1987},
    volume={PAMI-9},
    number={4},
    pages={532-550},
    doi={10.1109/TPAMI.1987.4767941}
}

@book{dil2,
    author = {Serra, Jean},
    title = {Image Analysis and Mathematical Morphology},
    year = {1983},
    isbn = {0126372403},
    publisher = {Academic Press, Inc.},
    address = {USA}
}
@article{heijmans1990algebraic,
  title={The algebraic basis of mathematical morphology I. Dilations and erosions},
  author={Heijmans, Henk JAM and Ronse, Christian},
  journal={Computer Vision, Graphics, and Image Processing},
  volume={50},
  number={3},
  pages={245--295},
  year={1990},
  publisher={Elsevier}
}

@article{haralick1987image,
  title={Image analysis using mathematical morphology},
  author={Haralick, Robert M and Sternberg, Stanley R and Zhuang, Xinhua},
  journal={IEEE transactions on pattern analysis and machine intelligence},
  number={4},
  pages={532--550},
  year={1987},
  publisher={IEEE}
}
@article{jang1990analysis,
  title={Analysis of thinning algorithms using mathematical morphology},
  author={Jang, B-K and Chin, Roland T.},
  journal={IEEE Transactions on pattern analysis and machine intelligence},
  volume={12},
  number={6},
  pages={541--551},
  year={1990},
  publisher={IEEE}
}

@book{serra1983image,
  title={Image analysis and mathematical morphology},
  author={Serra, Jean},
  year={1983},
  publisher={Academic Press, Inc.}
}

@article{serra1988mathematical,
  title={Mathematical morphology for complete lattices},
  author={Serra, J},
  journal={Image analysis and mathematical morphology},
  volume={2},
  pages={13--35},
  year={1988},
  publisher={Academic Press New York}
}
@misc{Morpholo62:online,
author = {},
title = {Morphology - Thinning},
howpublished = {\url{https://homepages.inf.ed.ac.uk/rbf/HIPR2/thin.htm}},
month = {},
year = {},
note = {(Accessed on 12/23/2020)}
}

@article{babler1991embryologic,
  title={Embryologic development of epidermal ridges and their configurations},
  author={Babler, W},
  journal={Birth defects original article series},
  volume={27},
  number={2},
  pages={95--112},
  year={1991}
}

@book{maltoni2009handbook,
  title={Handbook of fingerprint recognition},
  author={Maltoni, Davide and Maio, Dario and Jain, Anil K and Prabhakar, Salil},
  year={2009},
  publisher={Springer Science \& Business Media}
}

@book{jain2007handbook,
  title={Handbook of biometrics},
  author={Jain, Anil K and Flynn, Patrick and Ross, Arun A},
  year={2007},
  publisher={Springer Science \& Business Media}
}

@misc{Skinanat76:online,
	author = {},
	title = {Skin anatomy},
	howpublished = {\url{http://www.unm.edu/~lkravitz/Kinesiology/skinanatomy.html}},
	month = {},
	year = {},
	note = {(Accessed on 12/24/2020)}
}

@article{henry1900classification,
  title={Classification and Uses of Finger Prints, London: Routledge},
  author={Henry, ER},
  year={1900}
}

@ARTICLE{ori,  
    author={ {Lin Hong} and  {Yifei Wan} and A. {Jain}},  
    journal={IEEE Transactions on Pattern Analysis and Machine Intelligence},   
    title={Fingerprint image enhancement: algorithm and performance evaluation},   
    year={1998},  
    volume={20},  
    number={8},  
    pages={777-789},
}

@article{hong1998fingerprint,
  title={Fingerprint image enhancement: algorithm and performance evaluation},
  author={Hong, Lin and Wan, Yifei and Jain, Anil},
  journal={IEEE transactions on pattern analysis and machine intelligence},
  volume={20},
  number={8},
  pages={777--789},
  year={1998},
  publisher={IEEE}
}

@book{idkitsdk,
    author    = "Innovatrics",
    title     = "IDKit SDK",
    year      = "2019",
    version   = "7.6.3.0"
}

@book{veri6,
    author    = "Neurotechnology",
    title     = "MegaMatcher 6.0, VeriFinger 8.0, VeriLook 5.7, VeriEye 2.10 and VeriSpeak 3.0 SDK",
    year      = "3/18/2016",
    version   = "6.0.0.0"
}

@article{jain2015attacks,
  title={Attacks on biometric systems: an overview},
  author={Jain, Rubal and Kant, Chander},
  journal={International Journal of Advances in Scientific Research},
  volume={1},
  number={07},
  pages={283--288},
  year={2015}
}
@article{1262027,
  author={Jain, A.K. and Ross, A. and Prabhakar, S.},
  journal={IEEE Transactions on Circuits and Systems for Video Technology}, 
  title={An introduction to biometric recognition}, 
  year={2004},
  volume={14},
  number={1},
  pages={4-20},
  doi={10.1109/TCSVT.2003.818349}}
  
@article{attack2,
author = {Akhtar, Zahid},
year = {2012},
month = {03},
pages = {},
title = {Security of multimodal biometric systems against spoof attacks}
}
@article{mwema2015simple,
  title={A simple review of biometric template protection schemes used in preventing adversary attacks on biometric fingerprint templates},
  author={Mwema, Joseph and Kimwele, Michael and Kimani, Stephen},
  journal={International Journal of Computer Trends and Technology},
  volume={20},
  number={1},
  pages={12--18},
  year={2015}
}

@article{morphing1,
  title={Image morphing: a survey},
  author={Wolberg, George},
  journal={The visual computer},
  volume={14},
  number={8},
  pages={360--372},
  year={1998},
  publisher={Springer-Verlag}
}

@article{morphing2,
author = {Liao, Jing and Lima, Rodolfo S. and Nehab, Diego and Hoppe, Hugues and Sander, Pedro V. and Yu, Jinhui},
title = {Automating Image Morphing Using Structural Similarity on a Halfway Domain},
year = {2014},
issue_date = {August 2014},
publisher = {Association for Computing Machinery},
address = {New York, NY, USA},
volume = {33},
number = {5},
issn = {0730-0301},
url = {https://doi.org/10.1145/2629494},
doi = {10.1145/2629494},
journal = {ACM Trans. Graph.},
month = sep,
articleno = {168},
numpages = {12},
keywords = {parameterization, Poisson extension, correspondences, GPU, Image interpolation, warping, motion paths}
}
@inproceedings{morphing3,
  title={Image morphing with perceptual constraints and stn alignment},
  author={Fish, Noa and Zhang, Richard and Perry, Lilach and Cohen-Or, Daniel and Shechtman, Eli and Barnes, Connelly},
  booktitle={Computer Graphics Forum},
  volume={39},
  number={6},
  pages={303--313},
  year={2020},
  organization={Wiley Online Library}
}

@incollection{imageProcessing,
title = {4 - Digital Image Processing},
editor = {WAI-KAI CHEN},
booktitle = {The Electrical Engineering Handbook},
publisher = {Academic Press},
address = {Burlington},
pages = {891-910},
year = {2005},
isbn = {978-0-12-170960-0},
doi = {https://doi.org/10.1016/B978-012170960-0/50064-5},
url = {https://www.sciencedirect.com/science/article/pii/B9780121709600500645},
author = {Eduardo A.B. {da Silva} and Gelson V. Mendonça}
}

@article{histogram,
author = {Toet, Alexander and Wu, Tirui},
year = {2014},
month = {12},
pages = {063017},
title = {Efficient contrast enhancement through log-power histogram modification},
volume = {23},
journal = {Journal of Electronic Imaging},
doi = {10.1117/1.JEI.23.6.063017}
}